<record><leader>00000cas a22000007a 4500</leader><controlfield tag="001">56115935</controlfield><controlfield tag="008">040809c20049999nyuer ne      0   a0eng c</controlfield><datafield ind1=" " ind2=" " tag="010"><subfield code="a">  2004215535</subfield></datafield><datafield ind1=" " ind2=" " tag="040"><subfield code="a">BNT</subfield><subfield code="b">eng</subfield><subfield code="c">BNT</subfield><subfield code="d">NSD</subfield><subfield code="d">OCLCQ</subfield><subfield code="d">OCLCF</subfield><subfield code="d">OCLCO</subfield></datafield><datafield ind1=" " ind2=" " tag="012"><subfield code="l">1</subfield></datafield><datafield ind1="1" ind2=" " tag="022"><subfield code="a">1552-6216</subfield><subfield code="l">1552-6216</subfield><subfield code="2">1</subfield></datafield><datafield ind1="1" ind2=" " tag="029"><subfield code="a">AU@</subfield><subfield code="b">000026256452</subfield></datafield><datafield ind1=" " ind2=" " tag="037"><subfield code="b">Main Street News, 1 W. Main St., Cambridge, NY 12816</subfield></datafield><datafield ind1=" " ind2=" " tag="042"><subfield code="a">nsdp</subfield><subfield code="a">pcc</subfield></datafield><datafield ind1="1" ind2="0" tag="050"><subfield code="a">ISSN RECORD</subfield></datafield><datafield ind1="0" ind2=" " tag="130"><subfield code="a">Main Street (Cambridge, N.Y.)</subfield></datafield><datafield ind1=" " ind2="0" tag="222"><subfield code="a">Main Street</subfield><subfield code="b">(Cambridge, N.Y.)</subfield></datafield><datafield ind1="0" ind2="0" tag="245"><subfield code="a">Main Street :</subfield><subfield code="b">a newspaper for southern Washington County.</subfield></datafield><datafield ind1=" " ind2=" " tag="260"><subfield code="a">Cambridge, N.Y. :</subfield><subfield code="b">Main Street News</subfield></datafield><datafield ind1=" " ind2=" " tag="300"><subfield code="a">v.</subfield></datafield><datafield ind1=" " ind2=" " tag="310"><subfield code="a">Bi-weekly</subfield></datafield><datafield ind1="1" ind2=" " tag="362"><subfield code="a">v.1, no.1 (July 7, 2004)-</subfield></datafield><datafield ind1=" " ind2="4" tag="651"><subfield code="a">Cambridge (N.Y.)</subfield><subfield code="v">Newspapers.</subfield></datafield><datafield ind1=" " ind2="0" tag="651"><subfield code="a">Washington County (N.Y.)</subfield><subfield code="v">Newspapers.</subfield></datafield><datafield ind1=" " ind2="7" tag="655"><subfield code="a">Newspapers.</subfield><subfield code="2">fast</subfield><subfield code="0">(OCoLC)fst01423814</subfield></datafield><datafield ind1=" " ind2="7" tag="651"><subfield code="a">New York (State)</subfield><subfield code="z">Washington County.</subfield><subfield code="2">fast</subfield><subfield code="0">(OCoLC)fst01220667</subfield></datafield><datafield ind1=" " ind2=" " tag="752"><subfield code="a">United States</subfield><subfield code="b">New York</subfield><subfield code="c">Washington</subfield><subfield code="d">Cambridge.</subfield></datafield></record>